% !TeX spellcheck = en_US

@inproceedings{DBLP:conf/mfcs/Valiant77,
    author    = {Leslie G. Valiant},
    editor    = {Jozef Gruska},
    title     = {Graph-Theoretic Arguments in Low-Level Complexity},
    booktitle = {Mathematical Foundations of Computer Science 1977, 6th Symposium,
    Tatranska Lomnica, Czechoslovakia, September 5-9, 1977, Proceedings},
    series    = {Lecture Notes in Computer Science},
    volume    = {53},
    pages     = {162--176},
    publisher = {Springer},
    year      = {1977},
    url       = {https://doi.org/10.1007/3-540-08353-7\_135},
    doi       = {10.1007/3-540-08353-7\_135},
    timestamp = {Tue, 14 May 2019 10:00:37 +0200},
    biburl    = {https://dblp.org/rec/conf/mfcs/Valiant77.bib},
    bibsource = {dblp computer science bibliography, https://dblp.org}
}

@article{DBLP:journals/sigact/GoldsmithLM96,
    author    = {Judy Goldsmith and
    Matthew A. Levy and
    Martin Mundhenk},
    title     = {Limited nondeterminism},
    journal   = {{SIGACT} News},
    volume    = {27},
    number    = {2},
    pages     = {20--29},
    year      = {1996},
    url       = {https://doi.org/10.1145/235767.235769},
    doi       = {10.1145/235767.235769},
    timestamp = {Tue, 06 Nov 2018 12:51:30 +0100},
    biburl    = {https://dblp.org/rec/journals/sigact/GoldsmithLM96.bib},
    bibsource = {dblp computer science bibliography, https://dblp.org}
}

@article{DBLP:journals/tcs/KuceraSV19,
    author    = {Petr Kucera and
    Petr Savick{\'{y}} and
    Vojtech Vorel},
    title     = {A lower bound on {CNF} encodings of the at-most-one constraint},
    journal   = {Theor. Comput. Sci.},
    volume    = {762},
    pages     = {51--73},
    year      = {2019},
    url       = {https://doi.org/10.1016/j.tcs.2018.09.003},
    doi       = {10.1016/j.tcs.2018.09.003},
    timestamp = {Sun, 02 Jun 2019 20:55:23 +0200},
    biburl    = {https://dblp.org/rec/journals/tcs/KuceraSV19.bib},
    bibsource = {dblp computer science bibliography, https://dblp.org}
}

@inproceedings{DBLP:conf/cp/Sinz05,
  author    = {Carsten Sinz},
  editor    = {Peter van Beek},
  title     = {Towards an Optimal {CNF} Encoding of Boolean Cardinality Constraints},
  booktitle = {Principles and Practice of Constraint Programming - {CP} 2005, 11th
               International Conference, {CP} 2005, Sitges, Spain, October 1-5, 2005,
               Proceedings},
  series    = {Lecture Notes in Computer Science},
  volume    = {3709},
  pages     = {827--831},
  publisher = {Springer},
  year      = {2005},
  url       = {https://doi.org/10.1007/11564751\_73},
  doi       = {10.1007/11564751\_73},
  timestamp = {Tue, 14 May 2019 10:00:45 +0200},
  biburl    = {https://dblp.org/rec/conf/cp/Sinz05.bib},
  bibsource = {dblp computer science bibliography, https://dblp.org}
}

@inproceedings{DBLP:conf/cocoon/Morizumi15,
    author    = {Hiroki Morizumi},
    editor    = {Dachuan Xu and
    Donglei Du and
    Ding{-}Zhu Du},
    title     = {Lower Bounds for the Size of Nondeterministic Circuits},
    booktitle = {Computing and Combinatorics - 21st International Conference, {COCOON}
    2015, Beijing, China, August 4-6, 2015, Proceedings},
    series    = {Lecture Notes in Computer Science},
    volume    = {9198},
    pages     = {289--296},
    publisher = {Springer},
    year      = {2015},
    url       = {https://doi.org/10.1007/978-3-319-21398-9\_23},
    doi       = {10.1007/978-3-319-21398-9\_23},
    timestamp = {Sun, 25 Oct 2020 22:58:52 +0100},
    biburl    = {https://dblp.org/rec/conf/cocoon/Morizumi15.bib},
    bibsource = {dblp computer science bibliography, https://dblp.org}
}

@article{DBLP:journals/dam/Prestwich03,
    author    = {Steven David Prestwich},
    title     = {{SAT} problems with chains of dependent variables},
    journal   = {Discret. Appl. Math.},
    volume    = {130},
    number    = {2},
    pages     = {329--350},
    year      = {2003},
    url       = {https://doi.org/10.1016/S0166-218X(02)00410-9},
    doi       = {10.1016/S0166-218X(02)00410-9},
    timestamp = {Thu, 11 Feb 2021 23:21:05 +0100},
    biburl    = {https://dblp.org/rec/journals/dam/Prestwich03.bib},
    bibsource = {dblp computer science bibliography, https://dblp.org}
}

@incollection{DBLP:series/faia/Prestwich09,
    author    = {Steven David Prestwich},
    editor    = {Armin Biere and
    Marijn Heule and
    Hans van Maaren and
    Toby Walsh},
    title     = {{CNF} Encodings},
    booktitle = {Handbook of Satisfiability},
    series    = {Frontiers in Artificial Intelligence and Applications},
    volume    = {185},
    pages     = {75--97},
    publisher = {{IOS} Press},
    year      = {2009},
    url       = {https://doi.org/10.3233/978-1-58603-929-5-75},
    doi       = {10.3233/978-1-58603-929-5-75},
    timestamp = {Tue, 16 May 2017 14:24:21 +0200},
    biburl    = {https://dblp.org/rec/series/faia/Prestwich09.bib},
    bibsource = {dblp computer science bibliography, https://dblp.org}
}

@article{DBLP:journals/cjtcs/PaturiPZ99,
    author    = {Ramamohan Paturi and
        Pavel Pudl{\'{a}}k and
        Francis Zane},
    title     = {Satisfiability Coding Lemma},
    journal   = {Chic. J. Theor. Comput. Sci.},
    volume    = {1999},
    year      = {1999},
    url       = {http://cjtcs.cs.uchicago.edu/articles/1999/11/contents.html},
    timestamp = {Thu, 11 Feb 2021 23:20:20 +0100},
    biburl    = {https://dblp.org/rec/journals/cjtcs/PaturiPZ99.bib},
    bibsource = {dblp computer science bibliography, https://dblp.org}
}

@article{DBLP:journals/eccc/Hirahara17,
    author    = {Shuichi Hirahara},
    title     = {A Duality Between Depth-Three Formulas and Approximation by Depth-Two},
    journal   = {Electron. Colloquium Comput. Complex.},
    pages     = {92},
    year      = {2017},
    url       = {https://eccc.weizmann.ac.il/report/2017/092},
    timestamp = {Tue, 08 Sep 2020 13:25:27 +0200},
    biburl    = {https://dblp.org/rec/journals/eccc/Hirahara17.bib},
    bibsource = {dblp computer science bibliography, https://dblp.org}
}

@Misc{zbMATH03325539,
 Author = {G. S. {Tsejtin}},
 Title = {{On the complexity of derivation in propositional calculus}},
 Year = {1968},
 Language = {English},
 HowPublished = {{Semin. Math., V. A. Steklov Math. Inst., Leningrad 8, 115-125 (1970); translation from Zap. Nauchn. Semin. Leningr. Otd. Mat. Inst. Steklova 8, 234-259 (1968).}},
 MSC2010 = {03F20 03B05},
 Zbl = {0205.00402}
}

@book{DBLP:books/daglib/0028687,
  author    = {Stasys Jukna},
  title     = {Boolean Function Complexity - Advances and Frontiers},
  series    = {Algorithms and combinatorics},
  volume    = {27},
  publisher = {Springer},
  year      = {2012},
  url       = {https://doi.org/10.1007/978-3-642-24508-4},
  doi       = {10.1007/978-3-642-24508-4},
  isbn      = {978-3-642-24507-7},
  timestamp = {Tue, 16 May 2017 14:01:34 +0200},
  biburl    = {https://dblp.org/rec/books/daglib/0028687.bib},
  bibsource = {dblp computer science bibliography, https://dblp.org}
}

@article{DBLP:journals/siamcomp/AllenderHMPS08,
    author    = {Eric Allender and
    Lisa Hellerstein and
    Paul McCabe and
    Toniann Pitassi and
    Michael E. Saks},
    title     = {Minimizing Disjunctive Normal Form Formulas and $\operatorname{AC}^0$
    Circuits Given a Truth Table},
    journal   = {{SIAM} J. Comput.},
    volume    = {38},
    number    = {1},
    pages     = {63--84},
    year      = {2008},
    url       = {https://doi.org/10.1137/060664537},
    doi       = {10.1137/060664537},
    timestamp = {Sat, 27 May 2017 14:22:59 +0200},
    biburl    = {https://dblp.org/rec/journals/siamcomp/AllenderHMPS08.bib},
    bibsource = {dblp computer science bibliography, https://dblp.org}
}

@article{Lukas99thecomplexity,
    author = {Sebastian Czort},
    journal = {Masterâ€™s Thesis, University of Aarhus},
    title = {The Complexity of Minimizing Disjunctive Normal Form Formulas},
    year = {1999}
}


@misc{MasekNpComp,
    author={William~J. Masek},
    howpublished={Unpublished Manuscript},
    title={Some {NP}-complete set covering problems},
    year={1979}
}

@book{garey1979computers,
  author = {Garey, M. R. and Johnson, D. S.},
  publisher = {W. H. Freeman and Company},
  title = {Computers and Intractability: A Guide to the Theory of NP-Completeness},
  year = {1979}
}